[gd_scene load_steps=7 format=2]

[sub_resource type="PhysicsMaterial" id=6]
friction = 0.5

[sub_resource type="BoxShape" id=3]
extents = Vector3( 2.5, 0.5, 2.5 )

[sub_resource type="SpatialMaterial" id=1]
flags_unshaded = true
albedo_color = Color( 0, 0, 0, 1 )

[sub_resource type="CubeMesh" id=2]
material = SubResource( 1 )
size = Vector3( 1, 1, 1 )

[sub_resource type="SpatialMaterial" id=5]
metallic = 0.2
roughness = 0.3

[sub_resource type="QuadMesh" id=4]
material = SubResource( 5 )
size = Vector2( 0.98, 0.98 )

[node name="Platform" type="StaticBody"]
collision_layer = 2
collision_mask = 12
physics_material_override = SubResource( 6 )

[node name="CollisionShape" type="CollisionShape" parent="."]
shape = SubResource( 3 )

[node name="cubes" type="Spatial" parent="."]

[node name="cubemesh" type="Spatial" parent="cubes"]

[node name="blackcube" type="MeshInstance" parent="cubes/cubemesh"]
mesh = SubResource( 2 )
skeleton = NodePath("../../..")

[node name="face" type="MeshInstance" parent="cubes/cubemesh"]
transform = Transform( 1, 0, 0, 0, 1, 0, 0, 0, 1, 0, 0, 0.501 )
mesh = SubResource( 4 )
skeleton = NodePath("../../..")

[node name="face2" type="MeshInstance" parent="cubes/cubemesh"]
transform = Transform( -1, 0, -8.74228e-08, 0, 1, 0, 8.74228e-08, 0, -1, 0, 0, -0.501 )
mesh = SubResource( 4 )
skeleton = NodePath("../../..")

[node name="face3" type="MeshInstance" parent="cubes/cubemesh"]
transform = Transform( -1, -8.74228e-08, -3.82137e-15, 0, -4.37114e-08, 1, -8.74228e-08, 1, 4.37114e-08, 0, 0.501, 0 )
mesh = SubResource( 4 )
skeleton = NodePath("../../..")

[node name="face4" type="MeshInstance" parent="cubes/cubemesh"]
transform = Transform( -1, -8.74228e-08, 3.82137e-15, 0, -4.37114e-08, -1, 8.74228e-08, -1, 4.37114e-08, 0, -0.501, 0 )
mesh = SubResource( 4 )
skeleton = NodePath("../../..")

[node name="face5" type="MeshInstance" parent="cubes/cubemesh"]
transform = Transform( -4.37114e-08, 0, 1, 0, 1, 0, -1, 0, -4.37114e-08, 0.501, 0, 0 )
mesh = SubResource( 4 )
skeleton = NodePath("../../..")

[node name="face6" type="MeshInstance" parent="cubes/cubemesh"]
transform = Transform( -4.37114e-08, 0, -1, 0, 1, 0, 1, 0, -4.37114e-08, -0.501, 0, 0 )
mesh = SubResource( 4 )
skeleton = NodePath("../../..")

[node name="cubemesh2" type="Spatial" parent="cubes"]
transform = Transform( 1, 0, 0, 0, 1, 0, 0, 0, 1, 1, 0, 0 )

[node name="blackcube" type="MeshInstance" parent="cubes/cubemesh2"]
mesh = SubResource( 2 )
skeleton = NodePath("../../..")

[node name="face" type="MeshInstance" parent="cubes/cubemesh2"]
transform = Transform( 1, 0, 0, 0, 1, 0, 0, 0, 1, 0, 0, 0.501 )
mesh = SubResource( 4 )
skeleton = NodePath("../../..")

[node name="face2" type="MeshInstance" parent="cubes/cubemesh2"]
transform = Transform( -1, 0, -8.74228e-08, 0, 1, 0, 8.74228e-08, 0, -1, 0, 0, -0.501 )
mesh = SubResource( 4 )
skeleton = NodePath("../../..")

[node name="face3" type="MeshInstance" parent="cubes/cubemesh2"]
transform = Transform( -1, -8.74228e-08, -3.82137e-15, 0, -4.37114e-08, 1, -8.74228e-08, 1, 4.37114e-08, 0, 0.501, 0 )
mesh = SubResource( 4 )
skeleton = NodePath("../../..")

[node name="face4" type="MeshInstance" parent="cubes/cubemesh2"]
transform = Transform( -1, -8.74228e-08, 3.82137e-15, 0, -4.37114e-08, -1, 8.74228e-08, -1, 4.37114e-08, 0, -0.501, 0 )
mesh = SubResource( 4 )
skeleton = NodePath("../../..")

[node name="face5" type="MeshInstance" parent="cubes/cubemesh2"]
transform = Transform( -4.37114e-08, 0, 1, 0, 1, 0, -1, 0, -4.37114e-08, 0.501, 0, 0 )
mesh = SubResource( 4 )
skeleton = NodePath("../../..")

[node name="face6" type="MeshInstance" parent="cubes/cubemesh2"]
transform = Transform( -4.37114e-08, 0, -1, 0, 1, 0, 1, 0, -4.37114e-08, -0.501, 0, 0 )
mesh = SubResource( 4 )
skeleton = NodePath("../../..")

[node name="cubemesh3" type="Spatial" parent="cubes"]
transform = Transform( 1, 0, 0, 0, 1, 0, 0, 0, 1, -1, 0, 0 )

[node name="blackcube" type="MeshInstance" parent="cubes/cubemesh3"]
mesh = SubResource( 2 )
skeleton = NodePath("../../..")

[node name="face" type="MeshInstance" parent="cubes/cubemesh3"]
transform = Transform( 1, 0, 0, 0, 1, 0, 0, 0, 1, 0, 0, 0.501 )
mesh = SubResource( 4 )
skeleton = NodePath("../../..")

[node name="face2" type="MeshInstance" parent="cubes/cubemesh3"]
transform = Transform( -1, 0, -8.74228e-08, 0, 1, 0, 8.74228e-08, 0, -1, 0, 0, -0.501 )
mesh = SubResource( 4 )
skeleton = NodePath("../../..")

[node name="face3" type="MeshInstance" parent="cubes/cubemesh3"]
transform = Transform( -1, -8.74228e-08, -3.82137e-15, 0, -4.37114e-08, 1, -8.74228e-08, 1, 4.37114e-08, 0, 0.501, 0 )
mesh = SubResource( 4 )
skeleton = NodePath("../../..")

[node name="face4" type="MeshInstance" parent="cubes/cubemesh3"]
transform = Transform( -1, -8.74228e-08, 3.82137e-15, 0, -4.37114e-08, -1, 8.74228e-08, -1, 4.37114e-08, 0, -0.501, 0 )
mesh = SubResource( 4 )
skeleton = NodePath("../../..")

[node name="face5" type="MeshInstance" parent="cubes/cubemesh3"]
transform = Transform( -4.37114e-08, 0, 1, 0, 1, 0, -1, 0, -4.37114e-08, 0.501, 0, 0 )
mesh = SubResource( 4 )
skeleton = NodePath("../../..")

[node name="face6" type="MeshInstance" parent="cubes/cubemesh3"]
transform = Transform( -4.37114e-08, 0, -1, 0, 1, 0, 1, 0, -4.37114e-08, -0.501, 0, 0 )
mesh = SubResource( 4 )
skeleton = NodePath("../../..")

[node name="cubemesh4" type="Spatial" parent="cubes"]
transform = Transform( 1, 0, 0, 0, 1, 0, 0, 0, 1, -2, 0, 0 )

[node name="blackcube" type="MeshInstance" parent="cubes/cubemesh4"]
mesh = SubResource( 2 )
skeleton = NodePath("../../..")

[node name="face" type="MeshInstance" parent="cubes/cubemesh4"]
transform = Transform( 1, 0, 0, 0, 1, 0, 0, 0, 1, 0, 0, 0.501 )
mesh = SubResource( 4 )
skeleton = NodePath("../../..")

[node name="face2" type="MeshInstance" parent="cubes/cubemesh4"]
transform = Transform( -1, 0, -8.74228e-08, 0, 1, 0, 8.74228e-08, 0, -1, 0, 0, -0.501 )
mesh = SubResource( 4 )
skeleton = NodePath("../../..")

[node name="face3" type="MeshInstance" parent="cubes/cubemesh4"]
transform = Transform( -1, -8.74228e-08, -3.82137e-15, 0, -4.37114e-08, 1, -8.74228e-08, 1, 4.37114e-08, 0, 0.501, 0 )
mesh = SubResource( 4 )
skeleton = NodePath("../../..")

[node name="face4" type="MeshInstance" parent="cubes/cubemesh4"]
transform = Transform( -1, -8.74228e-08, 3.82137e-15, 0, -4.37114e-08, -1, 8.74228e-08, -1, 4.37114e-08, 0, -0.501, 0 )
mesh = SubResource( 4 )
skeleton = NodePath("../../..")

[node name="face5" type="MeshInstance" parent="cubes/cubemesh4"]
transform = Transform( -4.37114e-08, 0, 1, 0, 1, 0, -1, 0, -4.37114e-08, 0.501, 0, 0 )
mesh = SubResource( 4 )
skeleton = NodePath("../../..")

[node name="face6" type="MeshInstance" parent="cubes/cubemesh4"]
transform = Transform( -4.37114e-08, 0, -1, 0, 1, 0, 1, 0, -4.37114e-08, -0.501, 0, 0 )
mesh = SubResource( 4 )
skeleton = NodePath("../../..")

[node name="cubemesh5" type="Spatial" parent="cubes"]
transform = Transform( 1, 0, 0, 0, 1, 0, 0, 0, 1, 2, 0, 0 )

[node name="blackcube" type="MeshInstance" parent="cubes/cubemesh5"]
mesh = SubResource( 2 )
skeleton = NodePath("../../..")

[node name="face" type="MeshInstance" parent="cubes/cubemesh5"]
transform = Transform( 1, 0, 0, 0, 1, 0, 0, 0, 1, 0, 0, 0.501 )
mesh = SubResource( 4 )
skeleton = NodePath("../../..")

[node name="face2" type="MeshInstance" parent="cubes/cubemesh5"]
transform = Transform( -1, 0, -8.74228e-08, 0, 1, 0, 8.74228e-08, 0, -1, 0, 0, -0.501 )
mesh = SubResource( 4 )
skeleton = NodePath("../../..")

[node name="face3" type="MeshInstance" parent="cubes/cubemesh5"]
transform = Transform( -1, -8.74228e-08, -3.82137e-15, 0, -4.37114e-08, 1, -8.74228e-08, 1, 4.37114e-08, 0, 0.501, 0 )
mesh = SubResource( 4 )
skeleton = NodePath("../../..")

[node name="face4" type="MeshInstance" parent="cubes/cubemesh5"]
transform = Transform( -1, -8.74228e-08, 3.82137e-15, 0, -4.37114e-08, -1, 8.74228e-08, -1, 4.37114e-08, 0, -0.501, 0 )
mesh = SubResource( 4 )
skeleton = NodePath("../../..")

[node name="face5" type="MeshInstance" parent="cubes/cubemesh5"]
transform = Transform( -4.37114e-08, 0, 1, 0, 1, 0, -1, 0, -4.37114e-08, 0.501, 0, 0 )
mesh = SubResource( 4 )
skeleton = NodePath("../../..")

[node name="face6" type="MeshInstance" parent="cubes/cubemesh5"]
transform = Transform( -4.37114e-08, 0, -1, 0, 1, 0, 1, 0, -4.37114e-08, -0.501, 0, 0 )
mesh = SubResource( 4 )
skeleton = NodePath("../../..")

[node name="cubemesh6" type="Spatial" parent="cubes"]
transform = Transform( 1, 0, 0, 0, 1, 0, 0, 0, 1, 0, 0, -1 )

[node name="blackcube" type="MeshInstance" parent="cubes/cubemesh6"]
mesh = SubResource( 2 )
skeleton = NodePath("../../..")

[node name="face" type="MeshInstance" parent="cubes/cubemesh6"]
transform = Transform( 1, 0, 0, 0, 1, 0, 0, 0, 1, 0, 0, 0.501 )
mesh = SubResource( 4 )
skeleton = NodePath("../../..")

[node name="face2" type="MeshInstance" parent="cubes/cubemesh6"]
transform = Transform( -1, 0, -8.74228e-08, 0, 1, 0, 8.74228e-08, 0, -1, 0, 0, -0.501 )
mesh = SubResource( 4 )
skeleton = NodePath("../../..")

[node name="face3" type="MeshInstance" parent="cubes/cubemesh6"]
transform = Transform( -1, -8.74228e-08, -3.82137e-15, 0, -4.37114e-08, 1, -8.74228e-08, 1, 4.37114e-08, 0, 0.501, 0 )
mesh = SubResource( 4 )
skeleton = NodePath("../../..")

[node name="face4" type="MeshInstance" parent="cubes/cubemesh6"]
transform = Transform( -1, -8.74228e-08, 3.82137e-15, 0, -4.37114e-08, -1, 8.74228e-08, -1, 4.37114e-08, 0, -0.501, 0 )
mesh = SubResource( 4 )
skeleton = NodePath("../../..")

[node name="face5" type="MeshInstance" parent="cubes/cubemesh6"]
transform = Transform( -4.37114e-08, 0, 1, 0, 1, 0, -1, 0, -4.37114e-08, 0.501, 0, 0 )
mesh = SubResource( 4 )
skeleton = NodePath("../../..")

[node name="face6" type="MeshInstance" parent="cubes/cubemesh6"]
transform = Transform( -4.37114e-08, 0, -1, 0, 1, 0, 1, 0, -4.37114e-08, -0.501, 0, 0 )
mesh = SubResource( 4 )
skeleton = NodePath("../../..")

[node name="cubemesh7" type="Spatial" parent="cubes"]
transform = Transform( 1, 0, 0, 0, 1, 0, 0, 0, 1, 1, 0, -1 )

[node name="blackcube" type="MeshInstance" parent="cubes/cubemesh7"]
mesh = SubResource( 2 )
skeleton = NodePath("../../..")

[node name="face" type="MeshInstance" parent="cubes/cubemesh7"]
transform = Transform( 1, 0, 0, 0, 1, 0, 0, 0, 1, 0, 0, 0.501 )
mesh = SubResource( 4 )
skeleton = NodePath("../../..")

[node name="face2" type="MeshInstance" parent="cubes/cubemesh7"]
transform = Transform( -1, 0, -8.74228e-08, 0, 1, 0, 8.74228e-08, 0, -1, 0, 0, -0.501 )
mesh = SubResource( 4 )
skeleton = NodePath("../../..")

[node name="face3" type="MeshInstance" parent="cubes/cubemesh7"]
transform = Transform( -1, -8.74228e-08, -3.82137e-15, 0, -4.37114e-08, 1, -8.74228e-08, 1, 4.37114e-08, 0, 0.501, 0 )
mesh = SubResource( 4 )
skeleton = NodePath("../../..")

[node name="face4" type="MeshInstance" parent="cubes/cubemesh7"]
transform = Transform( -1, -8.74228e-08, 3.82137e-15, 0, -4.37114e-08, -1, 8.74228e-08, -1, 4.37114e-08, 0, -0.501, 0 )
mesh = SubResource( 4 )
skeleton = NodePath("../../..")

[node name="face5" type="MeshInstance" parent="cubes/cubemesh7"]
transform = Transform( -4.37114e-08, 0, 1, 0, 1, 0, -1, 0, -4.37114e-08, 0.501, 0, 0 )
mesh = SubResource( 4 )
skeleton = NodePath("../../..")

[node name="face6" type="MeshInstance" parent="cubes/cubemesh7"]
transform = Transform( -4.37114e-08, 0, -1, 0, 1, 0, 1, 0, -4.37114e-08, -0.501, 0, 0 )
mesh = SubResource( 4 )
skeleton = NodePath("../../..")

[node name="cubemesh8" type="Spatial" parent="cubes"]
transform = Transform( 1, 0, 0, 0, 1, 0, 0, 0, 1, -1, 0, -1 )

[node name="blackcube" type="MeshInstance" parent="cubes/cubemesh8"]
mesh = SubResource( 2 )
skeleton = NodePath("../../..")

[node name="face" type="MeshInstance" parent="cubes/cubemesh8"]
transform = Transform( 1, 0, 0, 0, 1, 0, 0, 0, 1, 0, 0, 0.501 )
mesh = SubResource( 4 )
skeleton = NodePath("../../..")

[node name="face2" type="MeshInstance" parent="cubes/cubemesh8"]
transform = Transform( -1, 0, -8.74228e-08, 0, 1, 0, 8.74228e-08, 0, -1, 0, 0, -0.501 )
mesh = SubResource( 4 )
skeleton = NodePath("../../..")

[node name="face3" type="MeshInstance" parent="cubes/cubemesh8"]
transform = Transform( -1, -8.74228e-08, -3.82137e-15, 0, -4.37114e-08, 1, -8.74228e-08, 1, 4.37114e-08, 0, 0.501, 0 )
mesh = SubResource( 4 )
skeleton = NodePath("../../..")

[node name="face4" type="MeshInstance" parent="cubes/cubemesh8"]
transform = Transform( -1, -8.74228e-08, 3.82137e-15, 0, -4.37114e-08, -1, 8.74228e-08, -1, 4.37114e-08, 0, -0.501, 0 )
mesh = SubResource( 4 )
skeleton = NodePath("../../..")

[node name="face5" type="MeshInstance" parent="cubes/cubemesh8"]
transform = Transform( -4.37114e-08, 0, 1, 0, 1, 0, -1, 0, -4.37114e-08, 0.501, 0, 0 )
mesh = SubResource( 4 )
skeleton = NodePath("../../..")

[node name="face6" type="MeshInstance" parent="cubes/cubemesh8"]
transform = Transform( -4.37114e-08, 0, -1, 0, 1, 0, 1, 0, -4.37114e-08, -0.501, 0, 0 )
mesh = SubResource( 4 )
skeleton = NodePath("../../..")

[node name="cubemesh9" type="Spatial" parent="cubes"]
transform = Transform( 1, 0, 0, 0, 1, 0, 0, 0, 1, -2, 0, -1 )

[node name="blackcube" type="MeshInstance" parent="cubes/cubemesh9"]
mesh = SubResource( 2 )
skeleton = NodePath("../../..")

[node name="face" type="MeshInstance" parent="cubes/cubemesh9"]
transform = Transform( 1, 0, 0, 0, 1, 0, 0, 0, 1, 0, 0, 0.501 )
mesh = SubResource( 4 )
skeleton = NodePath("../../..")

[node name="face2" type="MeshInstance" parent="cubes/cubemesh9"]
transform = Transform( -1, 0, -8.74228e-08, 0, 1, 0, 8.74228e-08, 0, -1, 0, 0, -0.501 )
mesh = SubResource( 4 )
skeleton = NodePath("../../..")

[node name="face3" type="MeshInstance" parent="cubes/cubemesh9"]
transform = Transform( -1, -8.74228e-08, -3.82137e-15, 0, -4.37114e-08, 1, -8.74228e-08, 1, 4.37114e-08, 0, 0.501, 0 )
mesh = SubResource( 4 )
skeleton = NodePath("../../..")

[node name="face4" type="MeshInstance" parent="cubes/cubemesh9"]
transform = Transform( -1, -8.74228e-08, 3.82137e-15, 0, -4.37114e-08, -1, 8.74228e-08, -1, 4.37114e-08, 0, -0.501, 0 )
mesh = SubResource( 4 )
skeleton = NodePath("../../..")

[node name="face5" type="MeshInstance" parent="cubes/cubemesh9"]
transform = Transform( -4.37114e-08, 0, 1, 0, 1, 0, -1, 0, -4.37114e-08, 0.501, 0, 0 )
mesh = SubResource( 4 )
skeleton = NodePath("../../..")

[node name="face6" type="MeshInstance" parent="cubes/cubemesh9"]
transform = Transform( -4.37114e-08, 0, -1, 0, 1, 0, 1, 0, -4.37114e-08, -0.501, 0, 0 )
mesh = SubResource( 4 )
skeleton = NodePath("../../..")

[node name="cubemesh10" type="Spatial" parent="cubes"]
transform = Transform( 1, 0, 0, 0, 1, 0, 0, 0, 1, 2, 0, -1 )

[node name="blackcube" type="MeshInstance" parent="cubes/cubemesh10"]
mesh = SubResource( 2 )
skeleton = NodePath("../../..")

[node name="face" type="MeshInstance" parent="cubes/cubemesh10"]
transform = Transform( 1, 0, 0, 0, 1, 0, 0, 0, 1, 0, 0, 0.501 )
mesh = SubResource( 4 )
skeleton = NodePath("../../..")

[node name="face2" type="MeshInstance" parent="cubes/cubemesh10"]
transform = Transform( -1, 0, -8.74228e-08, 0, 1, 0, 8.74228e-08, 0, -1, 0, 0, -0.501 )
mesh = SubResource( 4 )
skeleton = NodePath("../../..")

[node name="face3" type="MeshInstance" parent="cubes/cubemesh10"]
transform = Transform( -1, -8.74228e-08, -3.82137e-15, 0, -4.37114e-08, 1, -8.74228e-08, 1, 4.37114e-08, 0, 0.501, 0 )
mesh = SubResource( 4 )
skeleton = NodePath("../../..")

[node name="face4" type="MeshInstance" parent="cubes/cubemesh10"]
transform = Transform( -1, -8.74228e-08, 3.82137e-15, 0, -4.37114e-08, -1, 8.74228e-08, -1, 4.37114e-08, 0, -0.501, 0 )
mesh = SubResource( 4 )
skeleton = NodePath("../../..")

[node name="face5" type="MeshInstance" parent="cubes/cubemesh10"]
transform = Transform( -4.37114e-08, 0, 1, 0, 1, 0, -1, 0, -4.37114e-08, 0.501, 0, 0 )
mesh = SubResource( 4 )
skeleton = NodePath("../../..")

[node name="face6" type="MeshInstance" parent="cubes/cubemesh10"]
transform = Transform( -4.37114e-08, 0, -1, 0, 1, 0, 1, 0, -4.37114e-08, -0.501, 0, 0 )
mesh = SubResource( 4 )
skeleton = NodePath("../../..")

[node name="cubemesh11" type="Spatial" parent="cubes"]
transform = Transform( 1, 0, 0, 0, 1, 0, 0, 0, 1, 0, 0, -2 )

[node name="blackcube" type="MeshInstance" parent="cubes/cubemesh11"]
mesh = SubResource( 2 )
skeleton = NodePath("../../..")

[node name="face" type="MeshInstance" parent="cubes/cubemesh11"]
transform = Transform( 1, 0, 0, 0, 1, 0, 0, 0, 1, 0, 0, 0.501 )
mesh = SubResource( 4 )
skeleton = NodePath("../../..")

[node name="face2" type="MeshInstance" parent="cubes/cubemesh11"]
transform = Transform( -1, 0, -8.74228e-08, 0, 1, 0, 8.74228e-08, 0, -1, 0, 0, -0.501 )
mesh = SubResource( 4 )
skeleton = NodePath("../../..")

[node name="face3" type="MeshInstance" parent="cubes/cubemesh11"]
transform = Transform( -1, -8.74228e-08, -3.82137e-15, 0, -4.37114e-08, 1, -8.74228e-08, 1, 4.37114e-08, 0, 0.501, 0 )
mesh = SubResource( 4 )
skeleton = NodePath("../../..")

[node name="face4" type="MeshInstance" parent="cubes/cubemesh11"]
transform = Transform( -1, -8.74228e-08, 3.82137e-15, 0, -4.37114e-08, -1, 8.74228e-08, -1, 4.37114e-08, 0, -0.501, 0 )
mesh = SubResource( 4 )
skeleton = NodePath("../../..")

[node name="face5" type="MeshInstance" parent="cubes/cubemesh11"]
transform = Transform( -4.37114e-08, 0, 1, 0, 1, 0, -1, 0, -4.37114e-08, 0.501, 0, 0 )
mesh = SubResource( 4 )
skeleton = NodePath("../../..")

[node name="face6" type="MeshInstance" parent="cubes/cubemesh11"]
transform = Transform( -4.37114e-08, 0, -1, 0, 1, 0, 1, 0, -4.37114e-08, -0.501, 0, 0 )
mesh = SubResource( 4 )
skeleton = NodePath("../../..")

[node name="cubemesh12" type="Spatial" parent="cubes"]
transform = Transform( 1, 0, 0, 0, 1, 0, 0, 0, 1, 1, 0, -2 )

[node name="blackcube" type="MeshInstance" parent="cubes/cubemesh12"]
mesh = SubResource( 2 )
skeleton = NodePath("../../..")

[node name="face" type="MeshInstance" parent="cubes/cubemesh12"]
transform = Transform( 1, 0, 0, 0, 1, 0, 0, 0, 1, 0, 0, 0.501 )
mesh = SubResource( 4 )
skeleton = NodePath("../../..")

[node name="face2" type="MeshInstance" parent="cubes/cubemesh12"]
transform = Transform( -1, 0, -8.74228e-08, 0, 1, 0, 8.74228e-08, 0, -1, 0, 0, -0.501 )
mesh = SubResource( 4 )
skeleton = NodePath("../../..")

[node name="face3" type="MeshInstance" parent="cubes/cubemesh12"]
transform = Transform( -1, -8.74228e-08, -3.82137e-15, 0, -4.37114e-08, 1, -8.74228e-08, 1, 4.37114e-08, 0, 0.501, 0 )
mesh = SubResource( 4 )
skeleton = NodePath("../../..")

[node name="face4" type="MeshInstance" parent="cubes/cubemesh12"]
transform = Transform( -1, -8.74228e-08, 3.82137e-15, 0, -4.37114e-08, -1, 8.74228e-08, -1, 4.37114e-08, 0, -0.501, 0 )
mesh = SubResource( 4 )
skeleton = NodePath("../../..")

[node name="face5" type="MeshInstance" parent="cubes/cubemesh12"]
transform = Transform( -4.37114e-08, 0, 1, 0, 1, 0, -1, 0, -4.37114e-08, 0.501, 0, 0 )
mesh = SubResource( 4 )
skeleton = NodePath("../../..")

[node name="face6" type="MeshInstance" parent="cubes/cubemesh12"]
transform = Transform( -4.37114e-08, 0, -1, 0, 1, 0, 1, 0, -4.37114e-08, -0.501, 0, 0 )
mesh = SubResource( 4 )
skeleton = NodePath("../../..")

[node name="cubemesh13" type="Spatial" parent="cubes"]
transform = Transform( 1, 0, 0, 0, 1, 0, 0, 0, 1, -1, 0, -2 )

[node name="blackcube" type="MeshInstance" parent="cubes/cubemesh13"]
mesh = SubResource( 2 )
skeleton = NodePath("../../..")

[node name="face" type="MeshInstance" parent="cubes/cubemesh13"]
transform = Transform( 1, 0, 0, 0, 1, 0, 0, 0, 1, 0, 0, 0.501 )
mesh = SubResource( 4 )
skeleton = NodePath("../../..")

[node name="face2" type="MeshInstance" parent="cubes/cubemesh13"]
transform = Transform( -1, 0, -8.74228e-08, 0, 1, 0, 8.74228e-08, 0, -1, 0, 0, -0.501 )
mesh = SubResource( 4 )
skeleton = NodePath("../../..")

[node name="face3" type="MeshInstance" parent="cubes/cubemesh13"]
transform = Transform( -1, -8.74228e-08, -3.82137e-15, 0, -4.37114e-08, 1, -8.74228e-08, 1, 4.37114e-08, 0, 0.501, 0 )
mesh = SubResource( 4 )
skeleton = NodePath("../../..")

[node name="face4" type="MeshInstance" parent="cubes/cubemesh13"]
transform = Transform( -1, -8.74228e-08, 3.82137e-15, 0, -4.37114e-08, -1, 8.74228e-08, -1, 4.37114e-08, 0, -0.501, 0 )
mesh = SubResource( 4 )
skeleton = NodePath("../../..")

[node name="face5" type="MeshInstance" parent="cubes/cubemesh13"]
transform = Transform( -4.37114e-08, 0, 1, 0, 1, 0, -1, 0, -4.37114e-08, 0.501, 0, 0 )
mesh = SubResource( 4 )
skeleton = NodePath("../../..")

[node name="face6" type="MeshInstance" parent="cubes/cubemesh13"]
transform = Transform( -4.37114e-08, 0, -1, 0, 1, 0, 1, 0, -4.37114e-08, -0.501, 0, 0 )
mesh = SubResource( 4 )
skeleton = NodePath("../../..")

[node name="cubemesh14" type="Spatial" parent="cubes"]
transform = Transform( 1, 0, 0, 0, 1, 0, 0, 0, 1, -2, 0, -2 )

[node name="blackcube" type="MeshInstance" parent="cubes/cubemesh14"]
mesh = SubResource( 2 )
skeleton = NodePath("../../..")

[node name="face" type="MeshInstance" parent="cubes/cubemesh14"]
transform = Transform( 1, 0, 0, 0, 1, 0, 0, 0, 1, 0, 0, 0.501 )
mesh = SubResource( 4 )
skeleton = NodePath("../../..")

[node name="face2" type="MeshInstance" parent="cubes/cubemesh14"]
transform = Transform( -1, 0, -8.74228e-08, 0, 1, 0, 8.74228e-08, 0, -1, 0, 0, -0.501 )
mesh = SubResource( 4 )
skeleton = NodePath("../../..")

[node name="face3" type="MeshInstance" parent="cubes/cubemesh14"]
transform = Transform( -1, -8.74228e-08, -3.82137e-15, 0, -4.37114e-08, 1, -8.74228e-08, 1, 4.37114e-08, 0, 0.501, 0 )
mesh = SubResource( 4 )
skeleton = NodePath("../../..")

[node name="face4" type="MeshInstance" parent="cubes/cubemesh14"]
transform = Transform( -1, -8.74228e-08, 3.82137e-15, 0, -4.37114e-08, -1, 8.74228e-08, -1, 4.37114e-08, 0, -0.501, 0 )
mesh = SubResource( 4 )
skeleton = NodePath("../../..")

[node name="face5" type="MeshInstance" parent="cubes/cubemesh14"]
transform = Transform( -4.37114e-08, 0, 1, 0, 1, 0, -1, 0, -4.37114e-08, 0.501, 0, 0 )
mesh = SubResource( 4 )
skeleton = NodePath("../../..")

[node name="face6" type="MeshInstance" parent="cubes/cubemesh14"]
transform = Transform( -4.37114e-08, 0, -1, 0, 1, 0, 1, 0, -4.37114e-08, -0.501, 0, 0 )
mesh = SubResource( 4 )
skeleton = NodePath("../../..")

[node name="cubemesh15" type="Spatial" parent="cubes"]
transform = Transform( 1, 0, 0, 0, 1, 0, 0, 0, 1, 2, 0, -2 )

[node name="blackcube" type="MeshInstance" parent="cubes/cubemesh15"]
mesh = SubResource( 2 )
skeleton = NodePath("../../..")

[node name="face" type="MeshInstance" parent="cubes/cubemesh15"]
transform = Transform( 1, 0, 0, 0, 1, 0, 0, 0, 1, 0, 0, 0.501 )
mesh = SubResource( 4 )
skeleton = NodePath("../../..")

[node name="face2" type="MeshInstance" parent="cubes/cubemesh15"]
transform = Transform( -1, 0, -8.74228e-08, 0, 1, 0, 8.74228e-08, 0, -1, 0, 0, -0.501 )
mesh = SubResource( 4 )
skeleton = NodePath("../../..")

[node name="face3" type="MeshInstance" parent="cubes/cubemesh15"]
transform = Transform( -1, -8.74228e-08, -3.82137e-15, 0, -4.37114e-08, 1, -8.74228e-08, 1, 4.37114e-08, 0, 0.501, 0 )
mesh = SubResource( 4 )
skeleton = NodePath("../../..")

[node name="face4" type="MeshInstance" parent="cubes/cubemesh15"]
transform = Transform( -1, -8.74228e-08, 3.82137e-15, 0, -4.37114e-08, -1, 8.74228e-08, -1, 4.37114e-08, 0, -0.501, 0 )
mesh = SubResource( 4 )
skeleton = NodePath("../../..")

[node name="face5" type="MeshInstance" parent="cubes/cubemesh15"]
transform = Transform( -4.37114e-08, 0, 1, 0, 1, 0, -1, 0, -4.37114e-08, 0.501, 0, 0 )
mesh = SubResource( 4 )
skeleton = NodePath("../../..")

[node name="face6" type="MeshInstance" parent="cubes/cubemesh15"]
transform = Transform( -4.37114e-08, 0, -1, 0, 1, 0, 1, 0, -4.37114e-08, -0.501, 0, 0 )
mesh = SubResource( 4 )
skeleton = NodePath("../../..")

[node name="cubemesh16" type="Spatial" parent="cubes"]
transform = Transform( 1, 0, 0, 0, 1, 0, 0, 0, 1, 0, 0, 1 )

[node name="blackcube" type="MeshInstance" parent="cubes/cubemesh16"]
mesh = SubResource( 2 )
skeleton = NodePath("../../..")

[node name="face" type="MeshInstance" parent="cubes/cubemesh16"]
transform = Transform( 1, 0, 0, 0, 1, 0, 0, 0, 1, 0, 0, 0.501 )
mesh = SubResource( 4 )
skeleton = NodePath("../../..")

[node name="face2" type="MeshInstance" parent="cubes/cubemesh16"]
transform = Transform( -1, 0, -8.74228e-08, 0, 1, 0, 8.74228e-08, 0, -1, 0, 0, -0.501 )
mesh = SubResource( 4 )
skeleton = NodePath("../../..")

[node name="face3" type="MeshInstance" parent="cubes/cubemesh16"]
transform = Transform( -1, -8.74228e-08, -3.82137e-15, 0, -4.37114e-08, 1, -8.74228e-08, 1, 4.37114e-08, 0, 0.501, 0 )
mesh = SubResource( 4 )
skeleton = NodePath("../../..")

[node name="face4" type="MeshInstance" parent="cubes/cubemesh16"]
transform = Transform( -1, -8.74228e-08, 3.82137e-15, 0, -4.37114e-08, -1, 8.74228e-08, -1, 4.37114e-08, 0, -0.501, 0 )
mesh = SubResource( 4 )
skeleton = NodePath("../../..")

[node name="face5" type="MeshInstance" parent="cubes/cubemesh16"]
transform = Transform( -4.37114e-08, 0, 1, 0, 1, 0, -1, 0, -4.37114e-08, 0.501, 0, 0 )
mesh = SubResource( 4 )
skeleton = NodePath("../../..")

[node name="face6" type="MeshInstance" parent="cubes/cubemesh16"]
transform = Transform( -4.37114e-08, 0, -1, 0, 1, 0, 1, 0, -4.37114e-08, -0.501, 0, 0 )
mesh = SubResource( 4 )
skeleton = NodePath("../../..")

[node name="cubemesh17" type="Spatial" parent="cubes"]
transform = Transform( 1, 0, 0, 0, 1, 0, 0, 0, 1, 1, 0, 1 )

[node name="blackcube" type="MeshInstance" parent="cubes/cubemesh17"]
mesh = SubResource( 2 )
skeleton = NodePath("../../..")

[node name="face" type="MeshInstance" parent="cubes/cubemesh17"]
transform = Transform( 1, 0, 0, 0, 1, 0, 0, 0, 1, 0, 0, 0.501 )
mesh = SubResource( 4 )
skeleton = NodePath("../../..")

[node name="face2" type="MeshInstance" parent="cubes/cubemesh17"]
transform = Transform( -1, 0, -8.74228e-08, 0, 1, 0, 8.74228e-08, 0, -1, 0, 0, -0.501 )
mesh = SubResource( 4 )
skeleton = NodePath("../../..")

[node name="face3" type="MeshInstance" parent="cubes/cubemesh17"]
transform = Transform( -1, -8.74228e-08, -3.82137e-15, 0, -4.37114e-08, 1, -8.74228e-08, 1, 4.37114e-08, 0, 0.501, 0 )
mesh = SubResource( 4 )
skeleton = NodePath("../../..")

[node name="face4" type="MeshInstance" parent="cubes/cubemesh17"]
transform = Transform( -1, -8.74228e-08, 3.82137e-15, 0, -4.37114e-08, -1, 8.74228e-08, -1, 4.37114e-08, 0, -0.501, 0 )
mesh = SubResource( 4 )
skeleton = NodePath("../../..")

[node name="face5" type="MeshInstance" parent="cubes/cubemesh17"]
transform = Transform( -4.37114e-08, 0, 1, 0, 1, 0, -1, 0, -4.37114e-08, 0.501, 0, 0 )
mesh = SubResource( 4 )
skeleton = NodePath("../../..")

[node name="face6" type="MeshInstance" parent="cubes/cubemesh17"]
transform = Transform( -4.37114e-08, 0, -1, 0, 1, 0, 1, 0, -4.37114e-08, -0.501, 0, 0 )
mesh = SubResource( 4 )
skeleton = NodePath("../../..")

[node name="cubemesh18" type="Spatial" parent="cubes"]
transform = Transform( 1, 0, 0, 0, 1, 0, 0, 0, 1, -1, 0, 1 )

[node name="blackcube" type="MeshInstance" parent="cubes/cubemesh18"]
mesh = SubResource( 2 )
skeleton = NodePath("../../..")

[node name="face" type="MeshInstance" parent="cubes/cubemesh18"]
transform = Transform( 1, 0, 0, 0, 1, 0, 0, 0, 1, 0, 0, 0.501 )
mesh = SubResource( 4 )
skeleton = NodePath("../../..")

[node name="face2" type="MeshInstance" parent="cubes/cubemesh18"]
transform = Transform( -1, 0, -8.74228e-08, 0, 1, 0, 8.74228e-08, 0, -1, 0, 0, -0.501 )
mesh = SubResource( 4 )
skeleton = NodePath("../../..")

[node name="face3" type="MeshInstance" parent="cubes/cubemesh18"]
transform = Transform( -1, -8.74228e-08, -3.82137e-15, 0, -4.37114e-08, 1, -8.74228e-08, 1, 4.37114e-08, 0, 0.501, 0 )
mesh = SubResource( 4 )
skeleton = NodePath("../../..")

[node name="face4" type="MeshInstance" parent="cubes/cubemesh18"]
transform = Transform( -1, -8.74228e-08, 3.82137e-15, 0, -4.37114e-08, -1, 8.74228e-08, -1, 4.37114e-08, 0, -0.501, 0 )
mesh = SubResource( 4 )
skeleton = NodePath("../../..")

[node name="face5" type="MeshInstance" parent="cubes/cubemesh18"]
transform = Transform( -4.37114e-08, 0, 1, 0, 1, 0, -1, 0, -4.37114e-08, 0.501, 0, 0 )
mesh = SubResource( 4 )
skeleton = NodePath("../../..")

[node name="face6" type="MeshInstance" parent="cubes/cubemesh18"]
transform = Transform( -4.37114e-08, 0, -1, 0, 1, 0, 1, 0, -4.37114e-08, -0.501, 0, 0 )
mesh = SubResource( 4 )
skeleton = NodePath("../../..")

[node name="cubemesh19" type="Spatial" parent="cubes"]
transform = Transform( 1, 0, 0, 0, 1, 0, 0, 0, 1, -2, 0, 1 )

[node name="blackcube" type="MeshInstance" parent="cubes/cubemesh19"]
mesh = SubResource( 2 )
skeleton = NodePath("../../..")

[node name="face" type="MeshInstance" parent="cubes/cubemesh19"]
transform = Transform( 1, 0, 0, 0, 1, 0, 0, 0, 1, 0, 0, 0.501 )
mesh = SubResource( 4 )
skeleton = NodePath("../../..")

[node name="face2" type="MeshInstance" parent="cubes/cubemesh19"]
transform = Transform( -1, 0, -8.74228e-08, 0, 1, 0, 8.74228e-08, 0, -1, 0, 0, -0.501 )
mesh = SubResource( 4 )
skeleton = NodePath("../../..")

[node name="face3" type="MeshInstance" parent="cubes/cubemesh19"]
transform = Transform( -1, -8.74228e-08, -3.82137e-15, 0, -4.37114e-08, 1, -8.74228e-08, 1, 4.37114e-08, 0, 0.501, 0 )
mesh = SubResource( 4 )
skeleton = NodePath("../../..")

[node name="face4" type="MeshInstance" parent="cubes/cubemesh19"]
transform = Transform( -1, -8.74228e-08, 3.82137e-15, 0, -4.37114e-08, -1, 8.74228e-08, -1, 4.37114e-08, 0, -0.501, 0 )
mesh = SubResource( 4 )
skeleton = NodePath("../../..")

[node name="face5" type="MeshInstance" parent="cubes/cubemesh19"]
transform = Transform( -4.37114e-08, 0, 1, 0, 1, 0, -1, 0, -4.37114e-08, 0.501, 0, 0 )
mesh = SubResource( 4 )
skeleton = NodePath("../../..")

[node name="face6" type="MeshInstance" parent="cubes/cubemesh19"]
transform = Transform( -4.37114e-08, 0, -1, 0, 1, 0, 1, 0, -4.37114e-08, -0.501, 0, 0 )
mesh = SubResource( 4 )
skeleton = NodePath("../../..")

[node name="cubemesh20" type="Spatial" parent="cubes"]
transform = Transform( 1, 0, 0, 0, 1, 0, 0, 0, 1, 2, 0, 1 )

[node name="blackcube" type="MeshInstance" parent="cubes/cubemesh20"]
mesh = SubResource( 2 )
skeleton = NodePath("../../..")

[node name="face" type="MeshInstance" parent="cubes/cubemesh20"]
transform = Transform( 1, 0, 0, 0, 1, 0, 0, 0, 1, 0, 0, 0.501 )
mesh = SubResource( 4 )
skeleton = NodePath("../../..")

[node name="face2" type="MeshInstance" parent="cubes/cubemesh20"]
transform = Transform( -1, 0, -8.74228e-08, 0, 1, 0, 8.74228e-08, 0, -1, 0, 0, -0.501 )
mesh = SubResource( 4 )
skeleton = NodePath("../../..")

[node name="face3" type="MeshInstance" parent="cubes/cubemesh20"]
transform = Transform( -1, -8.74228e-08, -3.82137e-15, 0, -4.37114e-08, 1, -8.74228e-08, 1, 4.37114e-08, 0, 0.501, 0 )
mesh = SubResource( 4 )
skeleton = NodePath("../../..")

[node name="face4" type="MeshInstance" parent="cubes/cubemesh20"]
transform = Transform( -1, -8.74228e-08, 3.82137e-15, 0, -4.37114e-08, -1, 8.74228e-08, -1, 4.37114e-08, 0, -0.501, 0 )
mesh = SubResource( 4 )
skeleton = NodePath("../../..")

[node name="face5" type="MeshInstance" parent="cubes/cubemesh20"]
transform = Transform( -4.37114e-08, 0, 1, 0, 1, 0, -1, 0, -4.37114e-08, 0.501, 0, 0 )
mesh = SubResource( 4 )
skeleton = NodePath("../../..")

[node name="face6" type="MeshInstance" parent="cubes/cubemesh20"]
transform = Transform( -4.37114e-08, 0, -1, 0, 1, 0, 1, 0, -4.37114e-08, -0.501, 0, 0 )
mesh = SubResource( 4 )
skeleton = NodePath("../../..")

[node name="cubemesh21" type="Spatial" parent="cubes"]
transform = Transform( 1, 0, 0, 0, 1, 0, 0, 0, 1, 0, 0, 2 )

[node name="blackcube" type="MeshInstance" parent="cubes/cubemesh21"]
mesh = SubResource( 2 )
skeleton = NodePath("../../..")

[node name="face" type="MeshInstance" parent="cubes/cubemesh21"]
transform = Transform( 1, 0, 0, 0, 1, 0, 0, 0, 1, 0, 0, 0.501 )
mesh = SubResource( 4 )
skeleton = NodePath("../../..")

[node name="face2" type="MeshInstance" parent="cubes/cubemesh21"]
transform = Transform( -1, 0, -8.74228e-08, 0, 1, 0, 8.74228e-08, 0, -1, 0, 0, -0.501 )
mesh = SubResource( 4 )
skeleton = NodePath("../../..")

[node name="face3" type="MeshInstance" parent="cubes/cubemesh21"]
transform = Transform( -1, -8.74228e-08, -3.82137e-15, 0, -4.37114e-08, 1, -8.74228e-08, 1, 4.37114e-08, 0, 0.501, 0 )
mesh = SubResource( 4 )
skeleton = NodePath("../../..")

[node name="face4" type="MeshInstance" parent="cubes/cubemesh21"]
transform = Transform( -1, -8.74228e-08, 3.82137e-15, 0, -4.37114e-08, -1, 8.74228e-08, -1, 4.37114e-08, 0, -0.501, 0 )
mesh = SubResource( 4 )
skeleton = NodePath("../../..")

[node name="face5" type="MeshInstance" parent="cubes/cubemesh21"]
transform = Transform( -4.37114e-08, 0, 1, 0, 1, 0, -1, 0, -4.37114e-08, 0.501, 0, 0 )
mesh = SubResource( 4 )
skeleton = NodePath("../../..")

[node name="face6" type="MeshInstance" parent="cubes/cubemesh21"]
transform = Transform( -4.37114e-08, 0, -1, 0, 1, 0, 1, 0, -4.37114e-08, -0.501, 0, 0 )
mesh = SubResource( 4 )
skeleton = NodePath("../../..")

[node name="cubemesh22" type="Spatial" parent="cubes"]
transform = Transform( 1, 0, 0, 0, 1, 0, 0, 0, 1, 1, 0, 2 )

[node name="blackcube" type="MeshInstance" parent="cubes/cubemesh22"]
mesh = SubResource( 2 )
skeleton = NodePath("../../..")

[node name="face" type="MeshInstance" parent="cubes/cubemesh22"]
transform = Transform( 1, 0, 0, 0, 1, 0, 0, 0, 1, 0, 0, 0.501 )
mesh = SubResource( 4 )
skeleton = NodePath("../../..")

[node name="face2" type="MeshInstance" parent="cubes/cubemesh22"]
transform = Transform( -1, 0, -8.74228e-08, 0, 1, 0, 8.74228e-08, 0, -1, 0, 0, -0.501 )
mesh = SubResource( 4 )
skeleton = NodePath("../../..")

[node name="face3" type="MeshInstance" parent="cubes/cubemesh22"]
transform = Transform( -1, -8.74228e-08, -3.82137e-15, 0, -4.37114e-08, 1, -8.74228e-08, 1, 4.37114e-08, 0, 0.501, 0 )
mesh = SubResource( 4 )
skeleton = NodePath("../../..")

[node name="face4" type="MeshInstance" parent="cubes/cubemesh22"]
transform = Transform( -1, -8.74228e-08, 3.82137e-15, 0, -4.37114e-08, -1, 8.74228e-08, -1, 4.37114e-08, 0, -0.501, 0 )
mesh = SubResource( 4 )
skeleton = NodePath("../../..")

[node name="face5" type="MeshInstance" parent="cubes/cubemesh22"]
transform = Transform( -4.37114e-08, 0, 1, 0, 1, 0, -1, 0, -4.37114e-08, 0.501, 0, 0 )
mesh = SubResource( 4 )
skeleton = NodePath("../../..")

[node name="face6" type="MeshInstance" parent="cubes/cubemesh22"]
transform = Transform( -4.37114e-08, 0, -1, 0, 1, 0, 1, 0, -4.37114e-08, -0.501, 0, 0 )
mesh = SubResource( 4 )
skeleton = NodePath("../../..")

[node name="cubemesh23" type="Spatial" parent="cubes"]
transform = Transform( 1, 0, 0, 0, 1, 0, 0, 0, 1, -1, 0, 2 )

[node name="blackcube" type="MeshInstance" parent="cubes/cubemesh23"]
mesh = SubResource( 2 )
skeleton = NodePath("../../..")

[node name="face" type="MeshInstance" parent="cubes/cubemesh23"]
transform = Transform( 1, 0, 0, 0, 1, 0, 0, 0, 1, 0, 0, 0.501 )
mesh = SubResource( 4 )
skeleton = NodePath("../../..")

[node name="face2" type="MeshInstance" parent="cubes/cubemesh23"]
transform = Transform( -1, 0, -8.74228e-08, 0, 1, 0, 8.74228e-08, 0, -1, 0, 0, -0.501 )
mesh = SubResource( 4 )
skeleton = NodePath("../../..")

[node name="face3" type="MeshInstance" parent="cubes/cubemesh23"]
transform = Transform( -1, -8.74228e-08, -3.82137e-15, 0, -4.37114e-08, 1, -8.74228e-08, 1, 4.37114e-08, 0, 0.501, 0 )
mesh = SubResource( 4 )
skeleton = NodePath("../../..")

[node name="face4" type="MeshInstance" parent="cubes/cubemesh23"]
transform = Transform( -1, -8.74228e-08, 3.82137e-15, 0, -4.37114e-08, -1, 8.74228e-08, -1, 4.37114e-08, 0, -0.501, 0 )
mesh = SubResource( 4 )
skeleton = NodePath("../../..")

[node name="face5" type="MeshInstance" parent="cubes/cubemesh23"]
transform = Transform( -4.37114e-08, 0, 1, 0, 1, 0, -1, 0, -4.37114e-08, 0.501, 0, 0 )
mesh = SubResource( 4 )
skeleton = NodePath("../../..")

[node name="face6" type="MeshInstance" parent="cubes/cubemesh23"]
transform = Transform( -4.37114e-08, 0, -1, 0, 1, 0, 1, 0, -4.37114e-08, -0.501, 0, 0 )
mesh = SubResource( 4 )
skeleton = NodePath("../../..")

[node name="cubemesh24" type="Spatial" parent="cubes"]
transform = Transform( 1, 0, 0, 0, 1, 0, 0, 0, 1, -2, 0, 2 )

[node name="blackcube" type="MeshInstance" parent="cubes/cubemesh24"]
mesh = SubResource( 2 )
skeleton = NodePath("../../..")

[node name="face" type="MeshInstance" parent="cubes/cubemesh24"]
transform = Transform( 1, 0, 0, 0, 1, 0, 0, 0, 1, 0, 0, 0.501 )
mesh = SubResource( 4 )
skeleton = NodePath("../../..")

[node name="face2" type="MeshInstance" parent="cubes/cubemesh24"]
transform = Transform( -1, 0, -8.74228e-08, 0, 1, 0, 8.74228e-08, 0, -1, 0, 0, -0.501 )
mesh = SubResource( 4 )
skeleton = NodePath("../../..")

[node name="face3" type="MeshInstance" parent="cubes/cubemesh24"]
transform = Transform( -1, -8.74228e-08, -3.82137e-15, 0, -4.37114e-08, 1, -8.74228e-08, 1, 4.37114e-08, 0, 0.501, 0 )
mesh = SubResource( 4 )
skeleton = NodePath("../../..")

[node name="face4" type="MeshInstance" parent="cubes/cubemesh24"]
transform = Transform( -1, -8.74228e-08, 3.82137e-15, 0, -4.37114e-08, -1, 8.74228e-08, -1, 4.37114e-08, 0, -0.501, 0 )
mesh = SubResource( 4 )
skeleton = NodePath("../../..")

[node name="face5" type="MeshInstance" parent="cubes/cubemesh24"]
transform = Transform( -4.37114e-08, 0, 1, 0, 1, 0, -1, 0, -4.37114e-08, 0.501, 0, 0 )
mesh = SubResource( 4 )
skeleton = NodePath("../../..")

[node name="face6" type="MeshInstance" parent="cubes/cubemesh24"]
transform = Transform( -4.37114e-08, 0, -1, 0, 1, 0, 1, 0, -4.37114e-08, -0.501, 0, 0 )
mesh = SubResource( 4 )
skeleton = NodePath("../../..")

[node name="cubemesh25" type="Spatial" parent="cubes"]
transform = Transform( 1, 0, 0, 0, 1, 0, 0, 0, 1, 2, 0, 2 )

[node name="blackcube" type="MeshInstance" parent="cubes/cubemesh25"]
mesh = SubResource( 2 )
skeleton = NodePath("../../..")

[node name="face" type="MeshInstance" parent="cubes/cubemesh25"]
transform = Transform( 1, 0, 0, 0, 1, 0, 0, 0, 1, 0, 0, 0.501 )
mesh = SubResource( 4 )
skeleton = NodePath("../../..")

[node name="face2" type="MeshInstance" parent="cubes/cubemesh25"]
transform = Transform( -1, 0, -8.74228e-08, 0, 1, 0, 8.74228e-08, 0, -1, 0, 0, -0.501 )
mesh = SubResource( 4 )
skeleton = NodePath("../../..")

[node name="face3" type="MeshInstance" parent="cubes/cubemesh25"]
transform = Transform( -1, -8.74228e-08, -3.82137e-15, 0, -4.37114e-08, 1, -8.74228e-08, 1, 4.37114e-08, 0, 0.501, 0 )
mesh = SubResource( 4 )
skeleton = NodePath("../../..")

[node name="face4" type="MeshInstance" parent="cubes/cubemesh25"]
transform = Transform( -1, -8.74228e-08, 3.82137e-15, 0, -4.37114e-08, -1, 8.74228e-08, -1, 4.37114e-08, 0, -0.501, 0 )
mesh = SubResource( 4 )
skeleton = NodePath("../../..")

[node name="face5" type="MeshInstance" parent="cubes/cubemesh25"]
transform = Transform( -4.37114e-08, 0, 1, 0, 1, 0, -1, 0, -4.37114e-08, 0.501, 0, 0 )
mesh = SubResource( 4 )
skeleton = NodePath("../../..")

[node name="face6" type="MeshInstance" parent="cubes/cubemesh25"]
transform = Transform( -4.37114e-08, 0, -1, 0, 1, 0, 1, 0, -4.37114e-08, -0.501, 0, 0 )
mesh = SubResource( 4 )
skeleton = NodePath("../../..")
