[gd_scene load_steps=5 format=3 uid="uid://u582l45435u7"]

[ext_resource type="Theme" uid="uid://c0ac6hynn5yo7" path="res://resources/main_theme_new.tres" id="1_rh63u"]
[ext_resource type="Script" path="res://objects/main_gui_new.gd" id="2_alxbg"]
[ext_resource type="Texture2D" uid="uid://7b7xrb8jn5fe" path="res://resources/cat-faces-cartoons-images-clipart-39-1714142332.png" id="3_kuiq0"]

[sub_resource type="StyleBoxTexture" id="StyleBoxTexture_0udvg"]
texture = ExtResource("3_kuiq0")

[node name="Main_GUI" type="Control"]
layout_mode = 3
anchors_preset = 15
anchor_right = 1.0
anchor_bottom = 1.0
grow_horizontal = 2
grow_vertical = 2
theme = ExtResource("1_rh63u")
script = ExtResource("2_alxbg")

[node name="Level_Start_Menu" type="PanelContainer" parent="."]
layout_mode = 1
anchors_preset = 8
anchor_left = 0.5
anchor_top = 0.5
anchor_right = 0.5
anchor_bottom = 0.5
offset_left = -296.0
offset_top = -259.5
offset_right = 296.0
offset_bottom = 259.5
grow_horizontal = 2
grow_vertical = 2

[node name="MarginContainer" type="MarginContainer" parent="Level_Start_Menu"]
layout_mode = 2
theme_override_constants/margin_left = 20
theme_override_constants/margin_top = 40
theme_override_constants/margin_right = 20
theme_override_constants/margin_bottom = 20

[node name="VBoxContainer" type="VBoxContainer" parent="Level_Start_Menu/MarginContainer"]
layout_mode = 2

[node name="Level_Name" type="Label" parent="Level_Start_Menu/MarginContainer/VBoxContainer"]
layout_mode = 2
theme_override_font_sizes/font_size = 80
text = "Start Level"

[node name="Panel" type="Panel" parent="Level_Start_Menu/MarginContainer/VBoxContainer"]
custom_minimum_size = Vector2(400, 300)
layout_mode = 2
size_flags_horizontal = 4
size_flags_vertical = 4
theme_override_styles/panel = SubResource("StyleBoxTexture_0udvg")

[node name="Button_Begin" type="Button" parent="Level_Start_Menu/MarginContainer/VBoxContainer"]
layout_mode = 2
text = "Begin"

[node name="Pause_Menu" type="PanelContainer" parent="."]
visible = false
layout_mode = 1
anchors_preset = 8
anchor_left = 0.5
anchor_top = 0.5
anchor_right = 0.5
anchor_bottom = 0.5
offset_left = -168.5
offset_top = -113.5
offset_right = 168.5
offset_bottom = 113.5
grow_horizontal = 2
grow_vertical = 2

[node name="MarginContainer" type="MarginContainer" parent="Pause_Menu"]
layout_mode = 2
theme_override_constants/margin_left = 20
theme_override_constants/margin_top = 20
theme_override_constants/margin_right = 20
theme_override_constants/margin_bottom = 20

[node name="VBoxContainer" type="VBoxContainer" parent="Pause_Menu/MarginContainer"]
layout_mode = 2
theme_override_constants/separation = 20

[node name="MarginContainer" type="MarginContainer" parent="Pause_Menu/MarginContainer/VBoxContainer"]
layout_mode = 2
theme_override_constants/margin_top = 30
theme_override_constants/margin_bottom = 20

[node name="Label" type="Label" parent="Pause_Menu/MarginContainer/VBoxContainer/MarginContainer"]
layout_mode = 2
theme_override_colors/font_color = Color(0.760784, 0.760784, 1, 1)
theme_override_font_sizes/font_size = 80
text = "Menu"
horizontal_alignment = 1

[node name="Button_Resume" type="Button" parent="Pause_Menu/MarginContainer/VBoxContainer"]
layout_mode = 2
text = "Resume Game"

[node name="Button_Fullscreen" type="Button" parent="Pause_Menu/MarginContainer/VBoxContainer"]
layout_mode = 2
text = "Fullscreen"

[node name="Button_Levels" type="Button" parent="Pause_Menu/MarginContainer/VBoxContainer"]
layout_mode = 2
text = "Level Select"

[node name="Button_Quit" type="Button" parent="Pause_Menu/MarginContainer/VBoxContainer"]
layout_mode = 2
text = "Quit Game"

[node name="Level_Select" type="PanelContainer" parent="."]
visible = false
layout_mode = 1
anchors_preset = -1
anchor_left = 0.5
anchor_right = 0.5
anchor_bottom = 1.0
offset_left = -20.0
offset_top = 20.0
offset_right = 20.0
offset_bottom = -20.0
grow_horizontal = 2
grow_vertical = 2

[node name="MarginContainer" type="MarginContainer" parent="Level_Select"]
layout_mode = 2
theme_override_constants/margin_left = 20
theme_override_constants/margin_top = 40
theme_override_constants/margin_right = 20
theme_override_constants/margin_bottom = 20

[node name="VBoxContainer" type="VBoxContainer" parent="Level_Select/MarginContainer"]
layout_mode = 2

[node name="Label" type="Label" parent="Level_Select/MarginContainer/VBoxContainer"]
layout_mode = 2
theme_override_colors/font_color = Color(0.76, 0.76, 1, 1)
theme_override_font_sizes/font_size = 80
text = "Level Select"

[node name="Button_Test_Level" type="Button" parent="Level_Select/MarginContainer/VBoxContainer"]
layout_mode = 2
text = "Test Level"

[node name="Button_Level_1" type="Button" parent="Level_Select/MarginContainer/VBoxContainer"]
layout_mode = 2
text = "Level 1"

[node name="Button_Level_2" type="Button" parent="Level_Select/MarginContainer/VBoxContainer"]
layout_mode = 2
text = "Level 2"

[node name="Button_Level_3" type="Button" parent="Level_Select/MarginContainer/VBoxContainer"]
layout_mode = 2
text = "Level 3"

[node name="Button_Level_4" type="Button" parent="Level_Select/MarginContainer/VBoxContainer"]
layout_mode = 2
text = "Level 4"

[node name="Level_Finish" type="PanelContainer" parent="."]
visible = false
layout_mode = 1
anchors_preset = 8
anchor_left = 0.5
anchor_top = 0.5
anchor_right = 0.5
anchor_bottom = 0.5
offset_left = -91.0
offset_top = -19.0
offset_right = 91.0
offset_bottom = 19.0
grow_horizontal = 2
grow_vertical = 2

[node name="MarginContainer" type="MarginContainer" parent="Level_Finish"]
layout_mode = 2
theme_override_constants/margin_left = 20
theme_override_constants/margin_top = 20
theme_override_constants/margin_right = 20
theme_override_constants/margin_bottom = 20

[node name="VBoxContainer" type="VBoxContainer" parent="Level_Finish/MarginContainer"]
layout_mode = 2

[node name="MarginContainer" type="MarginContainer" parent="Level_Finish/MarginContainer/VBoxContainer"]
layout_mode = 2
theme_override_constants/margin_left = 40
theme_override_constants/margin_top = 40
theme_override_constants/margin_right = 40
theme_override_constants/margin_bottom = 30

[node name="Label" type="Label" parent="Level_Finish/MarginContainer/VBoxContainer/MarginContainer"]
layout_mode = 2
theme_override_font_sizes/font_size = 80
text = "Finish!"
horizontal_alignment = 1

[node name="MarginContainer2" type="MarginContainer" parent="Level_Finish/MarginContainer/VBoxContainer"]
layout_mode = 2
theme_override_constants/margin_top = 20
theme_override_constants/margin_bottom = 30

[node name="TimeLeft" type="Label" parent="Level_Finish/MarginContainer/VBoxContainer/MarginContainer2"]
layout_mode = 2
theme_override_font_sizes/font_size = 40
text = "Time Left: --:--"
horizontal_alignment = 1

[node name="MarginContainer3" type="MarginContainer" parent="Level_Finish/MarginContainer/VBoxContainer"]
layout_mode = 2
theme_override_constants/margin_top = 20
theme_override_constants/margin_bottom = 30

[node name="Pass_Fail_Label" type="Label" parent="Level_Finish/MarginContainer/VBoxContainer/MarginContainer3"]
layout_mode = 2
theme_override_font_sizes/font_size = 40
text = "Congratulations or Failed!"
horizontal_alignment = 1

[node name="Button_Retry" type="Button" parent="Level_Finish/MarginContainer/VBoxContainer"]
layout_mode = 2
text = "Retry"

[node name="Button_Next_Skip" type="Button" parent="Level_Finish/MarginContainer/VBoxContainer"]
layout_mode = 2
text = "Next"

[node name="First_start_screen" type="PanelContainer" parent="."]
visible = false
layout_mode = 1
anchors_preset = -1
anchor_right = 1.0
anchor_bottom = 1.0
offset_left = 20.0
offset_top = 20.0
offset_right = -20.0
offset_bottom = -20.0
grow_horizontal = 2
grow_vertical = 2

[node name="MarginContainer" type="MarginContainer" parent="First_start_screen"]
layout_mode = 2
theme_override_constants/margin_left = 10
theme_override_constants/margin_top = 50
theme_override_constants/margin_right = 10
theme_override_constants/margin_bottom = 10

[node name="VBoxContainer" type="VBoxContainer" parent="First_start_screen/MarginContainer"]
layout_mode = 2
alignment = 1

[node name="Label" type="Label" parent="First_start_screen/MarginContainer/VBoxContainer"]
layout_mode = 2
theme_override_font_sizes/font_size = 120
text = "Zoomies!"
horizontal_alignment = 1

[node name="Label2" type="Label" parent="First_start_screen/MarginContainer/VBoxContainer"]
layout_mode = 2
theme_override_font_sizes/font_size = 40
text = "By Chris Breece


"
horizontal_alignment = 1

[node name="HBoxContainer" type="HBoxContainer" parent="First_start_screen/MarginContainer/VBoxContainer"]
layout_mode = 2
theme_override_constants/separation = 30
alignment = 1

[node name="Button_start_game" type="Button" parent="First_start_screen/MarginContainer/VBoxContainer/HBoxContainer"]
layout_mode = 2
text = "Start Game"

[node name="Button_fullscreen_start" type="Button" parent="First_start_screen/MarginContainer/VBoxContainer/HBoxContainer"]
layout_mode = 2
text = "Fullscreen"

[node name="AudioStreamPlayer" type="AudioStreamPlayer" parent="."]

[connection signal="pressed" from="Level_Start_Menu/MarginContainer/VBoxContainer/Button_Begin" to="." method="_on_button_begin_pressed"]
[connection signal="pressed" from="Pause_Menu/MarginContainer/VBoxContainer/Button_Resume" to="." method="_on_button_resume_pressed"]
[connection signal="pressed" from="Pause_Menu/MarginContainer/VBoxContainer/Button_Fullscreen" to="." method="_on_button_fullscreen_pressed"]
[connection signal="pressed" from="Pause_Menu/MarginContainer/VBoxContainer/Button_Levels" to="." method="_on_button_levels_pressed"]
[connection signal="pressed" from="Pause_Menu/MarginContainer/VBoxContainer/Button_Quit" to="." method="_on_button_quit_pressed"]
[connection signal="pressed" from="Level_Select/MarginContainer/VBoxContainer/Button_Test_Level" to="." method="_on_button_test_level_pressed"]
[connection signal="pressed" from="Level_Select/MarginContainer/VBoxContainer/Button_Level_1" to="." method="_on_button_level_1_pressed"]
[connection signal="pressed" from="Level_Select/MarginContainer/VBoxContainer/Button_Level_2" to="." method="_on_button_level_2_pressed"]
[connection signal="pressed" from="Level_Select/MarginContainer/VBoxContainer/Button_Level_3" to="." method="_on_button_level_3_pressed"]
[connection signal="pressed" from="Level_Select/MarginContainer/VBoxContainer/Button_Level_4" to="." method="_on_button_level_4_pressed"]
[connection signal="pressed" from="Level_Finish/MarginContainer/VBoxContainer/Button_Retry" to="." method="_on_button_retry_pressed"]
[connection signal="pressed" from="Level_Finish/MarginContainer/VBoxContainer/Button_Next_Skip" to="." method="_on_button_next_skip_pressed"]
[connection signal="pressed" from="First_start_screen/MarginContainer/VBoxContainer/HBoxContainer/Button_start_game" to="." method="_on_button_start_game_pressed"]
[connection signal="pressed" from="First_start_screen/MarginContainer/VBoxContainer/HBoxContainer/Button_fullscreen_start" to="." method="_on_button_fullscreen_start_pressed"]
