[gd_scene load_steps=18 format=3 uid="uid://fs0vm076eikc"]

[ext_resource type="PackedScene" uid="uid://b5yw3levcnjrg" path="res://objects/player.tscn" id="1_6p6fm"]
[ext_resource type="PackedScene" uid="uid://n0mrm3e7o3wv" path="res://objects/platform_100_by_100.tscn" id="4_iy3r3"]
[ext_resource type="PackedScene" uid="uid://cm4p7roswbqki" path="res://objects/ramp.tscn" id="4_qd588"]
[ext_resource type="PackedScene" uid="uid://jxqit0kg8vc1" path="res://objects/block_big.tscn" id="5_owr75"]
[ext_resource type="Script" path="res://levels/SpecialObjects.gd" id="6_ipfpv"]
[ext_resource type="PackedScene" uid="uid://lhqqpdqfoxs0" path="res://objects/start_gate.tscn" id="6_isgw6"]
[ext_resource type="PackedScene" uid="uid://cxrwxikulp8gq" path="res://objects/ramp_slick.tscn" id="6_q1lsv"]
[ext_resource type="PackedScene" uid="uid://xa5ne7pyjy84" path="res://objects/fall_block.tscn" id="7_mq373"]
[ext_resource type="Theme" uid="uid://cajus30kn6x1k" path="res://resources/main_theme.tres" id="7_xp8cq"]
[ext_resource type="PackedScene" uid="uid://b3wxnirmgt5kb" path="res://objects/grabledge.tscn" id="8_eqijy"]
[ext_resource type="PackedScene" uid="uid://crhdo5mjduxdj" path="res://objects/run_wall.tscn" id="8_rg34c"]
[ext_resource type="PackedScene" uid="uid://lvdjsm0cx2nb" path="res://objects/tiime_orb.tscn" id="9_03llu"]
[ext_resource type="Script" path="res://levels/Debug_Info.gd" id="11_ojv4k"]
[ext_resource type="PackedScene" uid="uid://u582l45435u7" path="res://objects/main_gui_new.tscn" id="13_m282y"]

[sub_resource type="ProceduralSkyMaterial" id="ProceduralSkyMaterial_x6cer"]
sky_top_color = Color(0, 0.619608, 0.760784, 1)
sky_horizon_color = Color(0, 0.219608, 0.270588, 1)
ground_bottom_color = Color(0, 0.2, 0.105882, 1)
ground_horizon_color = Color(4.04298e-06, 0.635127, 0.382532, 1)
ground_curve = 0.251068

[sub_resource type="Sky" id="Sky_gwcui"]
sky_material = SubResource("ProceduralSkyMaterial_x6cer")

[sub_resource type="Environment" id="Environment_lwx3u"]
background_mode = 2
sky = SubResource("Sky_gwcui")
ambient_light_source = 2
ambient_light_color = Color(0.407843, 0.407843, 0.490196, 1)

[node name="Test_Level" type="Node3D"]

[node name="Player" parent="." instance=ExtResource("1_6p6fm")]
transform = Transform3D(-1, 0, 5.96046e-08, 0, 1, 0, -5.96046e-08, 0, -1, 14, 3.6, -3)

[node name="WorldEnvironment" type="WorldEnvironment" parent="."]
environment = SubResource("Environment_lwx3u")

[node name="DirectionalLight3D" type="DirectionalLight3D" parent="WorldEnvironment"]
transform = Transform3D(0.707107, -0.5, 0.5, 0, 0.707107, 0.707107, -0.707107, -0.5, 0.5, 0, 1.66858, 0)
light_color = Color(0.611765, 0.611765, 0.611765, 1)

[node name="Terrain" type="Node3D" parent="."]

[node name="Ramp" parent="Terrain" instance=ExtResource("4_qd588")]
transform = Transform3D(1.33118e-07, 0, -1, 0, 1, 0, 1, 0, 1.33118e-07, 4, 1.5, 8)

[node name="Ramp3" parent="Terrain" instance=ExtResource("4_qd588")]
transform = Transform3D(-1, 0, -1.63913e-07, 0, 1, 0, 1.63913e-07, 0, -1, -7, 1.5, 5)

[node name="Ramp2" parent="Terrain" instance=ExtResource("4_qd588")]
transform = Transform3D(1, 0, 1.76829e-07, 0, 1, 0, -1.76829e-07, 0, 1, 17, 1.5, -3)

[node name="Platform_100_by_100" parent="Terrain" instance=ExtResource("4_iy3r3")]

[node name="First Floor Walls" type="Node3D" parent="Terrain"]

[node name="Block_Big" parent="Terrain/First Floor Walls" instance=ExtResource("5_owr75")]
transform = Transform3D(1, 0, 0, 0, 1, 0, 0, 0, 1, 0, 1.5, 5)

[node name="Block_Big2" parent="Terrain/First Floor Walls" instance=ExtResource("5_owr75")]
transform = Transform3D(1, 0, 0, 0, 1, 0, 0, 0, 1, -2, 1.5, 5)

[node name="Block_Big3" parent="Terrain/First Floor Walls" instance=ExtResource("5_owr75")]
transform = Transform3D(1, 0, 0, 0, 1, 0, 0, 0, 1, -4, 1.5, 5)

[node name="Block_Big4" parent="Terrain/First Floor Walls" instance=ExtResource("5_owr75")]
transform = Transform3D(1, 0, 0, 0, 1, 0, 0, 0, 1, -4, 1.5, 3)

[node name="Block_Big5" parent="Terrain/First Floor Walls" instance=ExtResource("5_owr75")]
transform = Transform3D(1, 0, 0, 0, 1, 0, 0, 0, 1, -4, 1.5, 1)

[node name="Block_Big6" parent="Terrain/First Floor Walls" instance=ExtResource("5_owr75")]
transform = Transform3D(1, 0, 0, 0, 1, 0, 0, 0, 1, -4, 1.5, -1)

[node name="Block_Big24" parent="Terrain/First Floor Walls" instance=ExtResource("5_owr75")]
transform = Transform3D(1, 0, 0, 0, 1, 0, 0, 0, 1, -9, 1.5, -1)

[node name="Block_Big25" parent="Terrain/First Floor Walls" instance=ExtResource("5_owr75")]
transform = Transform3D(1, 0, 0, 0, 1, 0, 0, 0, 1, -12, 2.5, -1)

[node name="Block_Big26" parent="Terrain/First Floor Walls" instance=ExtResource("5_owr75")]
transform = Transform3D(1, 0, 0, 0, 1, 0, 0, 0, 1, -15, 3.5, -1)

[node name="Block_Big7" parent="Terrain/First Floor Walls" instance=ExtResource("5_owr75")]
transform = Transform3D(1, 0, 0, 0, 1, 0, 0, 0, 1, -4, 1.5, -3)

[node name="Block_Big8" parent="Terrain/First Floor Walls" instance=ExtResource("5_owr75")]
transform = Transform3D(1, 0, 0, 0, 1, 0, 0, 0, 1, -4, 1.5, -5)

[node name="Block_Big9" parent="Terrain/First Floor Walls" instance=ExtResource("5_owr75")]
transform = Transform3D(1, 0, 0, 0, 1, 0, 0, 0, 1, -2, 1.5, -5)

[node name="Block_Big10" parent="Terrain/First Floor Walls" instance=ExtResource("5_owr75")]
transform = Transform3D(1, 0, 0, 0, 1, 0, 0, 0, 1, 0, 1.5, -5)

[node name="Block_Big11" parent="Terrain/First Floor Walls" instance=ExtResource("5_owr75")]
transform = Transform3D(1, 0, 0, 0, 1, 0, 0, 0, 1, 2, 1.5, -5)

[node name="Block_Big12" parent="Terrain/First Floor Walls" instance=ExtResource("5_owr75")]
transform = Transform3D(1, 0, 0, 0, 1, 0, 0, 0, 1, 4, 1.5, -5)

[node name="Block_Big13" parent="Terrain/First Floor Walls" instance=ExtResource("5_owr75")]
transform = Transform3D(1, 0, 0, 0, 1, 0, 0, 0, 1, 4, 1.5, -3)

[node name="Block_Big14" parent="Terrain/First Floor Walls" instance=ExtResource("5_owr75")]
transform = Transform3D(1, 0, 0, 0, 1, 0, 0, 0, 1, 2, 1.5, 5)

[node name="Block_Big15" parent="Terrain/First Floor Walls" instance=ExtResource("5_owr75")]
transform = Transform3D(1, 0, 0, 0, 1, 0, 0, 0, 1, 4, 1.5, 5)

[node name="Block_Big16" parent="Terrain/First Floor Walls" instance=ExtResource("5_owr75")]
transform = Transform3D(1, 0, 0, 0, 1, 0, 0, 0, 1, 4, 1.5, 3)

[node name="Block_Big17" parent="Terrain/First Floor Walls" instance=ExtResource("5_owr75")]
transform = Transform3D(1, 0, 0, 0, 1, 0, 0, 0, 1, 6, 1.5, 3)

[node name="Block_Big19" parent="Terrain/First Floor Walls" instance=ExtResource("5_owr75")]
transform = Transform3D(1, 0, 0, 0, 1, 0, 0, 0, 1, 8, 1.5, 3)

[node name="Block_Big20" parent="Terrain/First Floor Walls" instance=ExtResource("5_owr75")]
transform = Transform3D(1, 0, 0, 0, 1, 0, 0, 0, 1, 10, 1.5, 3)

[node name="Block_Big21" parent="Terrain/First Floor Walls" instance=ExtResource("5_owr75")]
transform = Transform3D(1, 0, 0, 0, 1, 0, 0, 0, 1, 10, 1.5, 1)

[node name="Block_Big22" parent="Terrain/First Floor Walls" instance=ExtResource("5_owr75")]
transform = Transform3D(1, 0, 0, 0, 1, 0, 0, 0, 1, 10, 1.5, -1)

[node name="Block_Big23" parent="Terrain/First Floor Walls" instance=ExtResource("5_owr75")]
transform = Transform3D(1, 0, 0, 0, 1, 0, 0, 0, 1, 10, 1.5, -3)

[node name="Block_Big27" parent="Terrain/First Floor Walls" instance=ExtResource("5_owr75")]
transform = Transform3D(1, 0, 0, 0, 1, 0, 0, 0, 1, 12, 1.5, -3)

[node name="Block_Big28" parent="Terrain/First Floor Walls" instance=ExtResource("5_owr75")]
transform = Transform3D(1, 0, 0, 0, 1, 0, 0, 0, 1, 14, 1.5, -3)

[node name="Block_Big29" parent="Terrain/First Floor Walls" instance=ExtResource("5_owr75")]
transform = Transform3D(1, 0, 0, 0, 1, 0, 0, 0, 1, 14, 1.5, -1)

[node name="Block_Big30" parent="Terrain/First Floor Walls" instance=ExtResource("5_owr75")]
transform = Transform3D(1, 0, 0, 0, 1, 0, 0, 0, 1, 14, 1.5, -1)

[node name="Block_Big31" parent="Terrain/First Floor Walls" instance=ExtResource("5_owr75")]
transform = Transform3D(1, 0, 0, 0, 1, 0, 0, 0, 1, 14, 1.5, 1)

[node name="Block_Big32" parent="Terrain/First Floor Walls" instance=ExtResource("5_owr75")]
transform = Transform3D(1, 0, 0, 0, 1, 0, 0, 0, 1, 14, 1.5, 3)

[node name="Block_Big33" parent="Terrain/First Floor Walls" instance=ExtResource("5_owr75")]
transform = Transform3D(1, 0, 0, 0, 1, 0, 0, 0, 1, 14, 1.5, 15)

[node name="Block_Big35" parent="Terrain/First Floor Walls" instance=ExtResource("5_owr75")]
transform = Transform3D(1, 0, 0, 0, 1, 0, 0, 0, 1, 14, 1.5, 17)

[node name="Block_Big34" parent="Terrain/First Floor Walls" instance=ExtResource("5_owr75")]
transform = Transform3D(1, 0, 0, 0, 1, 0, 0, 0, 1, 10, 1.5, 15)

[node name="Block_Big36" parent="Terrain/First Floor Walls" instance=ExtResource("5_owr75")]
transform = Transform3D(1, 0, 0, 0, 1, 0, 0, 0, 1, 10, 1.5, 17)

[node name="Block_Big18" parent="Terrain/First Floor Walls" instance=ExtResource("5_owr75")]
transform = Transform3D(1, 0, 0, 0, 1, 0, 0, 0, 1, 6, 1.5, -3)

[node name="Ramp_slick" parent="Terrain" instance=ExtResource("6_q1lsv")]
transform = Transform3D(-4.37114e-08, 0, -1, 0, 1, 0, 1, 0, -4.37114e-08, 0, 1.5, 8)

[node name="FallBlock" parent="Terrain" instance=ExtResource("7_mq373")]
transform = Transform3D(1, 0, 0, 0, 1, 0, 0, 0, 1, 0, 2, -7)

[node name="FallBlock2" parent="Terrain" instance=ExtResource("7_mq373")]
transform = Transform3D(1, 0, 0, 0, 1, 0, 0, 0, 1, 0, 2, -9)

[node name="FallBlock3" parent="Terrain" instance=ExtResource("7_mq373")]
transform = Transform3D(1, 0, 0, 0, 1, 0, 0, 0, 1, 0, 2, -11)

[node name="Run_Wall" parent="Terrain" instance=ExtResource("8_rg34c")]
transform = Transform3D(1, 0, 0, 0, 1, 0, 0, 0, 1, 15, 4, 5)

[node name="Run_Wall2" parent="Terrain" instance=ExtResource("8_rg34c")]
transform = Transform3D(1, 0, 0, 0, 1, 0, 0, 0, 1, 15, 4, 10)

[node name="Run_Wall3" parent="Terrain" instance=ExtResource("8_rg34c")]
transform = Transform3D(1, 0, 0, 0, 1, 0, 0, 0, 1, 15, 4, 15)

[node name="GrabLedge" parent="Terrain" instance=ExtResource("8_eqijy")]
transform = Transform3D(-1, 0, -8.74228e-08, 0, 1, 0, 8.74228e-08, 0, -1, -9, 1.5, 2)

[node name="GrabLedge2" parent="Terrain" instance=ExtResource("8_eqijy")]
transform = Transform3D(-1, 0, -8.74228e-08, 0, 1, 0, 8.74228e-08, 0, -1, -23, 3.5, -1)

[node name="SpecialObjects" type="Node3D" parent="." groups=["special_object_manager"]]
script = ExtResource("6_ipfpv")

[node name="StartGate" parent="SpecialObjects" instance=ExtResource("6_isgw6")]
transform = Transform3D(1, 0, 0, 0, 1, 0, 0, 0, 1, 8, 1.5, -3)

[node name="TimerDisplay" type="Label" parent="SpecialObjects"]
anchors_preset = -1
anchor_left = 0.977
anchor_top = 0.025
anchor_right = 0.977
anchor_bottom = 0.025
offset_left = -107.4
offset_top = 9.125
offset_right = 8.59998
offset_bottom = 73.125
grow_horizontal = 0
theme = ExtResource("7_xp8cq")
theme_override_font_sizes/font_size = 60
text = "00"
horizontal_alignment = 2

[node name="MainLevelTimer" type="Timer" parent="SpecialObjects"]
wait_time = 30.0
one_shot = true

[node name="TiimeOrb" parent="SpecialObjects" instance=ExtResource("9_03llu")]
transform = Transform3D(1, 0, 0, 0, 1, 0, 0, 0, 1, 8, 1.5, -6)

[node name="TiimeOrb2" parent="SpecialObjects" instance=ExtResource("9_03llu")]
transform = Transform3D(1, 0, 0, 0, 1, 0, 0, 0, 1, 8, 1.5, -8)

[node name="TiimeOrb3" parent="SpecialObjects" instance=ExtResource("9_03llu")]
transform = Transform3D(1, 0, 0, 0, 1, 0, 0, 0, 1, 8, 1.5, -10)

[node name="TiimeOrb4" parent="SpecialObjects" instance=ExtResource("9_03llu")]
transform = Transform3D(1, 0, 0, 0, 1, 0, 0, 0, 1, 8, 1.5, -12)

[node name="DebugTimer" type="Timer" parent="SpecialObjects"]
wait_time = 30.0
one_shot = true

[node name="Debug_Info" type="Label" parent="." groups=["debug_handler"]]
anchors_preset = 2
anchor_top = 1.0
anchor_bottom = 1.0
offset_top = -26.0
offset_right = 85.0
grow_vertical = 0
theme = ExtResource("7_xp8cq")
text = "Debug Info"
script = ExtResource("11_ojv4k")

[node name="Main_GUI" parent="." instance=ExtResource("13_m282y")]

[connection signal="body_entered" from="SpecialObjects/StartGate" to="SpecialObjects" method="_on_start_gate_body_entered"]
